@article{Adebiye2013,
   author = {Adebiye, F},
   title = {The sex ratio, gonadosomatic index, stages of gonadal development and fecundity of Sompat grunt, Pomadasys jubelini (Cuvier, 1830)},
   journal = {Pakistan J. Zool},
   volume = {45},
   number = {1},
   pages = {41-46},
   year = {2013},
   type = {Journal Article}
}

@article{Arle2013,
   author = {Arle, Jens and Wagner, Falko},
   title = {Effects of anthropogenic salinisation on the ecological status of macroinvertebrate assemblages in the Werra River (Thuringia, Germany)},
   journal = {Hydrobiologia},
   volume = {701},
   number = {1},
   pages = {129-148},
   year = {2013},
   type = {Journal Article}
}

@article{Billman2014,
   author = {Billman, Eric J and Belk, Mark C},
   title = {Effect of age-based and environment-based cues on reproductive investment in Gambusia affinis},
   journal = {Ecology and evolution},
   volume = {4},
   number = {9},
   pages = {1611-1622},
   year = {2014},
   type = {Journal Article}
}

@article{Boeuf2011,
   author = {Boeuf, Gilles and Payan, Patrick},
   title = {How should salinity influence fish growth?},
   journal = {Comparative Biochemistry and Physiology Part C: Toxicology \& Pharmacology},
   volume = {130},
   number = {4},
   pages = {411-423},
   year = {2001},
   type = {Journal Article}
}

@article{Briggs2002,
   author = {Briggs, Josephine P},
   title = {The zebrafish: a new model organism for integrative physiology},
   journal = {American Journal of Physiology-Regulatory, Integrative and Comparative Physiology},
   volume = {282},
   number = {1},
   pages = {R3-R9},
   year = {2002},
   type = {Journal Article}
}

@article{Canedo2012,
  title={Response of stream invertebrates to short-term salinization: a mesocosm approach},
  author={Ca{\~n}edo-Arg{\"u}elles, Miguel and Grantham, Theodore E and Perr{\'e}e, Isabelle and Rieradevall, Maria and C{\'e}spedes-S{\'a}nchez, Raquel and Prat, Narc{\'\i}s},
  journal={Environmental pollution},
  volume={166},
  pages={144--151},
  year={2012},
  publisher={Elsevier}
}

@article{Canedo2013,
  title={Salinisation of rivers: an urgent ecological issue},
  author={Ca{\~n}edo-Arg{\"u}elles, Miguel and Kefford, Ben J and Piscart, Christophe and Prat, Narc{\'\i}s and Sch{\"a}fer, Ralf B and Schulz, Claus-J{\"u}rgen},
  journal={Environmental pollution},
  volume={173},
  pages={157--167},
  year={2013},
  publisher={Elsevier}
}

@article{Dikio2010,
   author = {Dikio, ED},
   title = {Water quality evaluation of Vaal river, Sharpeville and Bedworth lakes in the Vaal region of south Africa},
   journal = {Research Journal of Applied Sciences, Engineering and Technology},
   volume = {2},
   number = {6},
   pages = {574-579},
   year = {2010},
   type = {Journal Article}
}

@article{Evans2008,
   author = {Evans, David H},
   title = {Teleost fish osmoregulation: what have we learned since August Krogh, Homer Smith, and Ancel Keys},
   journal = {American Journal of Physiology-Regulatory, Integrative and Comparative Physiology},
   volume = {295},
   number = {2},
   pages = {R704-R713},
   year = {2008},
   type = {Journal Article}
}

@article{Foskett1983,
   author = {Foskett, J KEVIN and Bern, HA and Machen, TE and Conner, M},
   title = {Chloride cells and the hormonal control of teleost fish osmoregulation},
   journal = {Journal of experimental Biology},
   volume = {106},
   number = {1},
   pages = {255-281},
   year = {1983},
   type = {Journal Article}
}

@article{Goodfellow2000,
   author = {Goodfellow, William L and Ausley, Lawrence W and Burton, Dennis T and Denton, Debra L and Dorn, Philip B and Grothe, Donald R and Heber, Margarete A and Norberg-King, Teresa J and Rodgers, John H},
   title = {Major ion toxicity in effluents: a review with permitting recommendations},
   journal = {Environmental Toxicology and Chemistry},
   volume = {19},
   number = {1},
   pages = {175-182},
   year = {2000},
   type = {Journal Article}
}

@article{Hart1991,
   author = {Hart, Barry T and Bailey, Paul and Edwards, Rick and Hortle, Kent and James, Kim and McMahon, Andrew and Meredith, Charles and Swadling, Kerrie},
   title = {A review of the salt sensitivity of the Australian freshwater biota},
   journal = {Hydrobiologia},
   volume = {210},
   number = {1-2},
   pages = {105-144},
   year = {1991},
   type = {Journal Article}
}

@article{Heuts1947,
   author = {Heuts, MJ},
   title = {Experimental studies on adaptive evolution in Gasterosteus aculeatus L},
   journal = {Evolution},
   pages = {89-102},
   year = {1947},
   type = {Journal Article}
}

@article{Holliday1967,
   author = {Holliday, FGT and Jones, M Pattie},
   title = {Some effects of salinity on the developing eggs and larvae of the plaice (Pleuronectes platessa)},
   journal = {Journal of the marine biological Association of the United Kingdom},
   volume = {47},
   number = {01},
   pages = {39-48},
   year = {1967},
   type = {Journal Article}
}

@article{Johnson2009,
   author = {Johnson, Rodney and Wolf, Jeffrey and Braunbeck, Thomas},
   title = {OECD guidance document for the diagnosis of endocrine-related histopathology of fish gonads},
   journal = {Organisation for Economic Co-operation and Development, France},
   year = {2009},
   type = {Journal Article}
}

@article{Kinne1962,
   author = {Kinne, Otto and Kinne, Eva Maria},
   title = {Rates of development in embryos of a cyprinodont fish exposed to different temperature-salinity-oxygen combinations},
   journal = {Canadian journal of zoology},
   volume = {40},
   number = {2},
   pages = {231-253},
   year = {1962},
   type = {Journal Article}
}

@article{Laurent1990,
   author = {Laurent, Pierre and Perry, Steve F},
   title = {Effects of cortisol on gill chloride cell morphology and ionic uptake in the freshwater trout, Salmo gairdneri},
   journal = {Cell and Tissue Research},
   volume = {259},
   number = {3},
   pages = {429-442},
   year = {1990},
   type = {Journal Article}
}

@article{Leino,
   author = {Leino, Richard L. and Jensen, Kathleen M. and Ankley, Gerald T.},
   title = {Gonadal histology and characteristic histopathology associated with endocrine disruption in the adult fathead minnow (Pimephales promelas)},
   journal = {Environmental Toxicology and Pharmacology},
   volume = {19},
   number = {1},
   pages = {85-98},
   keywords = {Fish
Ovary
Testis
Histology
Endocrine disruptors},
   year = {2005},
   type = {Journal Article}
}

@inproceedings{Lerotholi,
   author = {Lerotholi, S and Palmer, CG and Rowntree, K},
   title = {Bioassessment of a River in a Semiarid, Agricultural Catchment, Eastern Cape},
   booktitle = {Proceedings of the 2004 Water Institute of Southern Africa (WISA) Biennial Conference, Cape Town, South Africa},
   pages = {338-344},
   type = {Conference Proceedings}
}

@article{Mallatt1985,
   author = {Mallatt, Jon},
   title = {Fish gill structural changes induced by toxicants and other irritants: a statistical review},
   journal = {Canadian Journal of Fisheries and Aquatic Sciences},
   volume = {42},
   number = {4},
   pages = {630-648},
   year = {1985},
   type = {Journal Article}
}

@article{Manzon2002,
   author = {Manzon, Lori A},
   title = {The role of prolactin in fish osmoregulation: a review},
   journal = {General and comparative endocrinology},
   volume = {125},
   number = {2},
   pages = {291-310},
   year = {2002},
   type = {Journal Article}
}

@article{Mccormick2001,
   author = {McCormick, Stephen D},
   title = {Endocrine control of osmoregulation in teleost fish},
   journal = {American Zoologist},
   volume = {41},
   number = {4},
   pages = {781-794},
   year = {2001},
   type = {Journal Article}
}

@inbook{Mcdonald1993,
   author = {McDonald, DG and Wood, CM},
   title = {Branchial mechanisms of acclimation to metals in freshwater fish},
   booktitle = {Fish ecophysiology},
   publisher = {Springer},
   pages = {297-321},
   year = {1993},
   type = {Book Section}
}

@article{Mcdonald1997,
   author = {McDonald, G and Milligan, L},
   title = {Ionic, osmotic and acid-base regulation in stress},
   journal = {Fish stress and health in aquaculture},
   volume = {62},
   pages = {119-145},
   year = {1997},
   type = {Journal Article}
}

@article{Mcnamara1996,
   author = {McNamara, John M and Houston, Alasdair I},
   title = {State-dependent life histories},
   journal = {Nature},
   volume = {380},
   number = {6571},
   pages = {215-221},
   year = {1996},
   type = {Journal Article}
}

@article{Mirza1998,
   author = {Mirza, M Monirul Qader},
   title = {Diversion of the Ganges water at Farakka and its effects on salinity in Bangladesh},
   journal = {Environmental management},
   volume = {22},
   number = {5},
   pages = {711-722},
   year = {1998},
   type = {Journal Article}
}

@article{Nowak1992,
   author = {Nowak, Barbara},
   title = {Histological changes in gills induced by residues of endosulfan},
   journal = {Aquatic Toxicology},
   volume = {23},
   number = {1},
   pages = {65-83},
   keywords = {Fish
Gill
Respiratory diffusion distance
Endosulfan
New South Wales},
  
   year = {1992},
   type = {Journal Article}
}

@article{Otero2002,
   author = {Otero, N and Soler, A},
   title = {Sulphur isotopes as tracers of the influence of potash mining in groundwater salinisation in the Llobregat Basin (NE Spain)},
   journal = {Water Research},
   volume = {36},
   number = {16},
   pages = {3989-4000},
   year = {2002},
   type = {Journal Article}
}

@article{Piscart2005,
   author = {Piscart, Christophe and Moreteau, Jean-Claude and Beisel, Jean-Nicolas},
   title = {Biodiversity and structure of macroinvertebrate communities along a small permanent salinity gradient (Meurthe River, France)},
   journal = {Hydrobiologia},
   volume = {551},
   number = {1},
   pages = {227-236},
   year = {2005},
   type = {Journal Article}
}

@article{Piscart2006,
   author = {Piscart, Christophe and Usseglio-Polatera, Philippe and Moreteau, Jean-Claude and Beisel, Jean-Nicolas},
   title = {The role of salinity in the selection of biological traits of freshwater invertebrates},
   journal = {Archiv für hydrobiologie},
   volume = {166},
   number = {2},
   pages = {185-198},
   year = {2006},
   type = {Journal Article}
}

@article{Rapport1999,
   author = {Rapport, David J and Whitford, Walter G},
   title = {How Ecosystems Respond to Stress Common properties of arid and aquatic systems},
   journal = {BioScience},
   volume = {49},
   number = {3},
   pages = {193-203},
   year = {1999},
   type = {Journal Article}
}

@article{Sakamoto2006,
   author = {Sakamoto, Tatsuya and McCormick, Stephen D},
   title = {Prolactin and growth hormone in fish osmoregulation},
   journal = {General and comparative endocrinology},
   volume = {147},
   number = {1},
   pages = {24-30},
   year = {2006},
   type = {Journal Article}
}

@article{Salamat2012,
   author = {Salamat, Negin and Zarie, Mehdi},
   title = {Using of fish pathological alterations to assess aquatic pollution: A review},
   journal = {World Journal of Fish and Marine Sciences},
   volume = {4},
   number = {3},
   pages = {223-231},
   year = {2012},
   type = {Journal Article}
}

@book{Schlenk2001,
   author = {Schlenk, Daniel and Benson, William H.},
   title = {Target organ toxicity in marine and freshwater teleosts},
   publisher = {Taylor \& Francis},
   address = {New York},
   keywords = {Osteichthyes Effect of chemicals on.
Target organs (Anatomy)},
   year = {2001},
   type = {Book}
}

@article{Schreck2001,
   author = {Schreck, Carl B and Contreras-Sanchez, Wilfrido and Fitzpatrick, Martin S},
   title = {Effects of stress on fish reproduction, gamete quality, and progeny},
   journal = {Aquaculture},
   volume = {197},
   number = {1},
   pages = {3-24},
   year = {2001},
   type = {Journal Article}
}

@article{Silva2000,
   author = {Silva, EIL and Shimizu, A and Matsunami, H},
   title = {Salt pollution in a Japanese stream and its effects on water chemistry and epilithic algal chlorophyll-a},
   journal = {Hydrobiologia},
   volume = {437},
   number = {1-3},
   pages = {139-148},
   year = {2000},
   type = {Journal Article}
}

@article{Sullivan2012,
   author = {Sullivan, Gail M and Feinn, Richard},
   title = {Using effect size-or why the P value is not enough},
   journal = {Journal of graduate medical education},
   volume = {4},
   number = {3},
   pages = {279-282},
   year = {2012},
   type = {Journal Article}
}

@inbook{Williams2001,
   author = {Williams, WD},
   title = {Anthropogenic salinisation of inland waters},
   booktitle = {Saline Lakes},
   publisher = {Springer},
   pages = {329-337},
   year = {2001},
   type = {Book Section}
}

@article{Williams1994,
   author = {Williams, WD and Sherwood, JE},
   title = {Definition and measurement of salinity in salt lakes},
   journal = {International Journal of Salt Lake Research},
   volume = {3},
   number = {1},
   pages = {53-63},
   year = {1994},
   type = {Journal Article}
}

@article{Williams1987,
   author = {Williams, William David},
   title = {Salinization of rivers and streams: an important environmental hazard},
   journal = {Ambio (Sweden)},
   year = {1987},
   type = {Journal Article}
}

@article{Williams1999,
   author = {Williams, William Dudley},
   title = {Salinisation: A major threat to water resources in the arid and semi-arid regions of the world},
   journal = {Lakes \& Reservoirs: Research \& Management},
   volume = {4},
   number = {3-4},
   pages = {85-91},
   year = {1999},
   type = {Journal Article}
}

@article{Wood2001,
   author = {Wood, Chris M},
   title = {Toxic responses of the gill},
   journal = {Target organ toxicity in marine and freshwater teleosts},
   volume = {1},
   pages = {1-89},
   year = {2001},
   type = {Journal Article}
}

@article{Wood2002,
   author = {Wood, PJ and Dykes, Alan P},
   title = {The use of salt dilution gauging techniques: ecological considerations and insights},
   journal = {Water Research},
   volume = {36},
   number = {12},
   pages = {3054-3062},
   year = {2002},
   type = {Journal Article}
}

@article{Venicesystem1959,

   author = {Venice-System},

   title = { The final resolution of the symposium on the classification of brackish waters.},

   journal = { Archives Oceanography and Limnology 11 (Suppl.)},
   volume = {2},
   pages = {243-248},
   year = {1959},
   type = {Journal Article}
}


@article{Lawa2007,
   author = {LAWA},
   title = {Rahmenkonzeption Monitoring – Teil B Bewertungsgrundlagen und Methodenbeschreibung},
   journal ={ RAKON, Arbeitspapier II – Hintergrund und Orientierungswerte für physikalisch-chemische Komponenten.}, 
   volume = {2},
   year = {2007},
   type = {Journal Article}

@article{Baethe1997,
   author = {Bäthe, J. },
   title = {Decreasing Salinity in Werra and Weser (Germany): Reactions of the Phytoplankton and the Makrozoobenthos.},
   journal = { Gustav Fischer Verlag, Jena: Limnologica },
   volume = {27(1)},
   pages = {111-119},
   year = {1997},
   type = {Journal Article}
}

@article{Bartelme2004,
   author = {Bartelme, Terry D },
   title = { Short Take: Stress In Fish, Part II: Why You Should Care About Stress In Fish.},
   journal ={ Advanced Aquarist online, http://www.advancedaquarist.com/2004/9/fish2 },
URL={http://www.advancedaquarist.com/2004/9/fish2}, 
   year = {2004},
   type = {Journal Article}
}

@article{Setac2004,
   author = {SETAC},
   title = {Technical issue paper: Whole Effluent Toxicity Testing: Ion Imbalance.},
   journal ={ Society of Environmental Toxicology and Chemistry. Pensacola FL, USA: SETAC.}, 
   year = {2004},
   type = {Journal Article}

@article{So2005,
  title={Zebrafish gonadotropins and their receptors: II. Cloning and characterization of zebrafish follicle-stimulating hormone and luteinizing hormone subunits—their spatial-temporal expression patterns and receptor specificity},
  author={So, Wai-Kin and Kwok, Hin-Fai and Ge, Wei},
  journal={Biology of reproduction},
  volume={72},
  number={6},
  pages={1382--1396},
  year={2005},
  publisher={Oxford University Press}
}


@article{lin2009,
  title={Differential regulation of gonadotropins (FSH and LH) and growth hormone (GH) by neuroendocrine, endocrine, and paracrine factors in the zebrafish—an in vitro approach},
  author={Lin, Sze-Wah and Ge, Wei},
  journal={General and comparative endocrinology},
  volume={160},
  number={2},
  pages={183--193},
  year={2009},
  publisher={Elsevier}
}

@article{Xiaoying2014,
  title={Hypoxia disrupts gene modulation along the brain--pituitary--gonad (BPG)--liver axis},
  author={Lu, Xiaoying and Richard, MK and Murphy, Margaret B and Lau, Karen and Wu, Rudolf SS},
  journal={Ecotoxicology and environmental safety},
  volume={102},
  pages={70--78},
  year={2014},
  publisher={Elsevier}
}

@article{canavello2011,
  title={Measuring endocrine (cortisol) responses of zebrafish to stress},
  author={Canavello, Peter R and Cachat, Jonathan M and Beeson, Esther C and Laffoon, Autumn L and Grimes, Chelsea and Haymore, Whitlee AM and Elegante, Marco F and Bartels, Brett K and Hart, Peter C and Elkhayat, Salem I and others},
  journal={Zebrafish neurobehavioral protocols},
  pages={135--142},
  year={2011},
  publisher={Springer}
}

@book{hubner2007,
  title={{\"O}kologisch-faunistische Flie{\ss}gew{\"a}sserbewertung am Beispiel der salzbelasteten unteren Werra und ausgew{\"a}hlter Zufl{\"u}sse},
  author={H{\"u}bner, Gerd},
  volume={27},
  year={2007},
  publisher={kassel university press GmbH}
}

@book{Laves2017,
  title={Fischbestandserfassungen
in Oberweser und Werra},
  author={{Landesamt Niedersachsen}},
  year={2017},
  publisher={Nieders{\"a}chsisches Landesamt f{\"u}r Verbraucherschutz und
Lebensmittelsicherheit}
}

@article{hubner2006,
  title={Leitbild, Referenz und Wiederbesiedlungspotenzial--ein Bewertungsrahmen f{\"u}r Erfolgskontrollen an der salzbelasteten unteren Werra},
  author={H{\"u}bner, G and Braukmann, U},
  journal={Informationsdienst Naturschutz Niedersachsen},
  volume={26},
  number={2},
  pages={137--144},
  year={2006}
}

@article{bonga1997,
  title={The stress response in fish},
  author={Wendelaar Bonga, SE},
  journal={Physiological reviews},
  volume={77},
  number={3},
  pages={591--625},
  year={1997},
  publisher={Am Physiological Soc}
}

@article{chrousos1992,
  title={The concepts of stress and stress system disorders: overview of physical and behavioral homeostasis},
  author={Chrousos, George P and Gold, Philip W},
  journal={Jama},
  volume={267},
  number={9},
  pages={1244--1252},
  year={1992},
  publisher={American Medical Association}
}

@book{selye1956,
  title={The stress of life},
  author={Selye, Hans},
  year={1956}
}

@article{pickering1981,
  title={Introduction: the concept of biological stress},
  author={Pickering, AD},
  journal={Stress and fish},
  year={1981}
}


@article{Kime1995,
  title={The effects of pollution on reproduction in fish},
  author={Kime, DE},
  journal={Reviews in Fish Biology and
Fisheries},
volume={5},
pages={52-96},
  year={1995}
}

@article{mcmaster1992,
  title={Milt characteristics, reproductive performance, and larval survival and development of white sucker exposed to bleached kraft mill effluent},
  author={McMaster, ME and Portt, CB and Munkittrick, KR and Dixon, DG},
  journal={Ecotoxicology and environmental safety},
  volume={23},
  number={1},
  pages={103--117},
  year={1992},
  publisher={Elsevier}
}

@article{adriano2005,
  title={Histology, ultrastructure and prevalence of Henneguya piaractus (Myxosporea) infecting the gills of Piaractus mesopotamicus (Characidae) cultivated in Brazil},
  author={Adriano, EA and Arana, S and Cordeiro, NS},
  journal={Diseases of aquatic organisms},
  volume={64},
  number={3},
  pages={229--235},
  year={2005}
}

@article{poleksic1999,
  title={Effects of trifluralin on carp: biochemical and histological evaluation},
  author={Poleksi{\'c}, Vesna and Karan, Vesela},
  journal={Ecotoxicology and environmental safety},
  volume={43},
  number={2},
  pages={213--221},
  year={1999},
  publisher={Elsevier}
}

@article{velasco2008,
  title={Behavioural and gill histopathological effects of acute exposure to sodium chloride in moneda (Metynnis orinocensis)},
  author={Velasco-Santamar{\'\i}a, Yohana M and Cruz-Casallas, Pablo E},
  journal={Environmental Toxicology and Pharmacology},
  volume={25},
  number={3},
  pages={365--372},
  year={2008},
  publisher={Elsevier}
}


@article{foo1993,
  title={Retardation of ovarian growth and depression of serum steroid levels in the tilapia, Oreochromis mossambicus, by cortisol implantation},
  author={Foo, JTW and Lam, TJ},
  journal={Aquaculture},
  volume={115},
  number={1-2},
  pages={133--143},
  year={1993},
  publisher={Elsevier}
}


@article{pottinger1992,
  title={Consistency in the stress response of individuals of two strains of rainbow trout, Oncorhynchus mykiss},
  author={Pottinger, TG and Pickering, AD and Hurley, Margaret Anne},
  journal={Aquaculture},
  volume={103},
  number={3-4},
  pages={275--289},
  year={1992},
  publisher={Elsevier}
}

@article{fevolden1993,
  title={Genetic and phenotypic parameters for cortisol and glucose stress response in Atlantic salmon and rainbow trout},
  author={Fevolden, Svein Erik and Refstie, Terje and Gjerde, Bjarne},
  journal={Aquaculture},
  volume={118},
  number={3-4},
  pages={205--216},
  year={1993},
  publisher={Elsevier}
}

@article{donaldson1981,
  title={Pituitary-interrenal axis as an indicator of stress in fish},
  author={Donaldson, Edward M},
  journal={Stress and fish},
  year={1981}
}


@article{vijayan1994,
  title={The stress response and the plasma disappearance of corticosteroid and glucose in a marine teleost, the sea raven},
  author={Vijayan, MM and Moon, TW},
  journal={Canadian Journal of Zoology},
  volume={72},
  number={3},
  pages={379--386},
  year={1994},
  publisher={NRC Research Press}
}

@article{pottinger1999,
  title={Modification of the plasma cortisol response to stress in rainbow trout by selective breeding},
  author={Pottinger, TG and Carrick, TR},
  journal={General and comparative endocrinology},
  volume={116},
  number={1},
  pages={122--132},
  year={1999},
  publisher={Elsevier}
}


@article{pickering1987,
  title={The effects of acute and chronic stress on the levels of reproductive hormones in the plasma of mature male brown trout, Salmo trutta L},
  author={Pickering, AD and Pottinger, TG and Carragher, J and Sumpter, JP},
  journal={General and comparative endocrinology},
  volume={68},
  number={2},
  pages={249--259},
  year={1987},
  publisher={Elsevier}
}

@article{contreras1998,
  title={Effects of stress on the reproductive performance of rainbow trout (Oncorhynchus mykiss)},
  author={Contreras-Sanchez, WM and Schreck, CB and Fitzpatrick, MS and Pereira, CB},
  journal={Biology of Reproduction},
  volume={58},
  number={2},
  pages={439--447},
  year={1998},
  publisher={Oxford University Press}
}

@article{campbell1992,
  title={Stress reduces the quality of gametes produced by rainbow trout},
  author={Campbell, PM and Pottinger, TG and Sumpter, JP},
  journal={Biology of reproduction},
  volume={47},
  number={6},
  pages={1140--1150},
  year={1992},
  publisher={Oxford University Press}
}

@article{morehead2000,
  title={Effect of consecutive 9-or 12-month photothermal cycles and handling on sex steroid levels, oocyte development, and reproductive performance in female striped trumpeter Latris lineata (Latrididae)},
  author={Morehead, DT and Ritar, AJ and Pankhurst, NW},
  journal={Aquaculture},
  volume={189},
  number={3-4},
  pages={293--305},
  year={2000},
  publisher={Elsevier}
}


@article{krulich1974,
  title={The effects of acute stress on the secretion of LH, FSH, prolactin and GH in the normal male rat, with comments on their statistical evaluation},
  author={Krulich, Lo and Hefco, E and Illner, P and Read, CB},
  journal={Neuroendocrinology},
  volume={16},
  number={5-6},
  pages={293--311},
  year={1974},
  publisher={Karger Publishers}
}

@article{gray1978,
  title={Neuroendocrine mechanisms mediating the suppression of circulating testosterone levels associated with chronic stress in male rats},
  author={Gray, GD and Smith, ER and Damassa, DA and Ehrenkranz, JRL and Davidson, JM},
  journal={Neuroendocrinology},
  volume={25},
  number={4},
  pages={247--256},
  year={1978},
  publisher={Karger Publishers}
}

@article{billard1981,
  title={Stress, environment and reproduction in teleost fish},
  author={Billard, R and Bry, C and Gillet, C},
  journal={Stress and fish},
  year={1981}
}

@article{schwindt2007,
  title={Stress does not inhibit induced vitellogenesis in juvenile rainbow trout},
  author={Schwindt, Adam R and Feist, Grant W and Schreck, Carl B},
  journal={Environmental biology of fishes},
  volume={80},
  number={4},
  pages={453--463},
  year={2007},
  publisher={Springer}
}

@article{mazeaud1977,
  title={Primary and secondary effects of stress in fish: some new data with a general review},
  author={Mazeaud, Madeleine M and Mazeaud, Frederic and Donaldson, Edward M},
  journal={Transactions of the American Fisheries Society},
  volume={106},
  number={3},
  pages={201--212},
  year={1977},
  publisher={Taylor \& Francis}
}

@article{pickering1989,
  title={Stress responses and disease resistance in salmonid fish: effects of chronic elevation of plasma cortisol},
  author={Pickering, AD and Pottinger, TG},
  journal={Fish physiology and biochemistry},
  volume={7},
  number={1-6},
  pages={253--258},
  year={1989},
  publisher={Springer}
}

@article{kammerer2010,
  title={Rapid changes in plasma cortisol, osmolality, and respiration in response to salinity stress in tilapia (Oreochromis mossambicus)},
  author={Kammerer, Brittany D and Cech Jr, Joseph J and K{\"u}ltz, Dietmar},
  journal={Comparative Biochemistry and Physiology Part A: Molecular \& Integrative Physiology},
  volume={157},
  number={3},
  pages={260--265},
  year={2010},
  publisher={Elsevier}
}

@article{barton1987,
  title={Effects of chronic cortisol administration and daily acute stress on growth, physiological conditions, and stress responses in juvenile rainbow trout},
  author={Barton, Bruce A and Schreck, Car1 B and Barton, Lesley D},
  journal={Dis. Aquat. Org},
  volume={2},
  number={3},
  pages={173--185},
  year={1987}
}

@article{mommsen1999,
  title={Cortisol in teleosts: dynamics, mechanisms of action, and metabolic regulation},
  author={Mommsen, Thomas P and Vijayan, Mathilakath M and Moon, Thomas W},
  journal={Reviews in Fish Biology and Fisheries},
  volume={9},
  number={3},
  pages={211--268},
  year={1999},
  publisher={Springer}
}

@article{jentoft2005,
  title={Effects of stress on growth, cortisol and glucose levels in non-domesticated Eurasian perch (Perca fluviatilis) and domesticated rainbow trout (Oncorhynchus mykiss)},
  author={Jentoft, Sissel and Aastveit, Are H and Torjesen, Peter A and Andersen, {\O}ivind},
  journal={Comparative Biochemistry and Physiology Part A: Molecular \& Integrative Physiology},
  volume={141},
  number={3},
  pages={353--358},
  year={2005},
  publisher={Elsevier}
}

@article{sardella2004,
  title={Physiological, biochemical and morphological indicators of osmoregulatory stress inCalifornia'Mozambique tilapia (Oreochromis mossambicus$\times$ O. urolepis hornorum) exposed to hypersaline water},
  author={Sardella, Brian A and Matey, Victoria and Cooper, Jill and Gonzalez, Richard J and Brauner, Colin J},
  journal={Journal of Experimental Biology},
  volume={207},
  number={8},
  pages={1399--1413},
  year={2004},
  publisher={The Company of Biologists Ltd}
}


@article{dahlgren1979,
  title={The effects of population density on fecundity and fertility in the guppy, Poecilia reticulata (Peters)},
  author={Dahlgren, BT},
  journal={Journal of Fish Biology},
  volume={15},
  number={1},
  pages={71--91},
  year={1979},
  publisher={Wiley Online Library}
}

@article{shahriari2013,
  title={Salinity tolerance and gill histopathological alterations in Liza aurata Risso, 1810 (Actinopterygii: Mugilidae) fry},
  author={Shahriari Moghadam, M and Abtahi, B and Mosafer Khorjestan, S and Bitaab, MA},
  journal={Italian journal of zoology},
  volume={80},
  number={4},
  pages={503--509},
  year={2013},
  publisher={Taylor \& Francis}
}

@article{harper2009,
  title={Morphologic effects of the stress response in fish},
  author={Harper, Claudia and Wolf, Jeffrey C},
  journal={Ilar Journal},
  volume={50},
  number={4},
  pages={387--396},
  year={2009},
  publisher={Institute for Laboratory Animal Research}
}

@article{wegner2016,
  title={Biologisch-{\"o}kologische Untersuchungen zur Absch{\"a}tzung von Auswirkungen geplanter Haldenwassereinleitungen auf die aquatische Flora und Faune der Fuhse bei Wathlingen},
  author={Wegner, Regina and Wilbertz, Meike},
  year={2016}
}

@article{meinelt2008,
  title={Toxizit{\"a}t von Kaliabw{\"a}ssern gegen juvenile Fische. Artenschutzreport},
  author={Meinelt, T and St{\"u}ber, A},
  year={2008},
  volume={22},
  pages={10--12},
}

@article{piato2011,
  title={Unpredictable chronic stress model in zebrafish (Danio rerio): behavioral and physiological responses},
  author={Piato, {\^A}ngelo L and Capiotti, Katiucia M and Tamborski, Ang{\'e}lica R and Oses, Jean P and Barcellos, Leonardo JG and Bogo, Maur{\'\i}cio R and Lara, Diogo R and Vianna, Monica R and Bonan, Carla D},
  journal={Progress in Neuro-Psychopharmacology and Biological Psychiatry},
  volume={35},
  number={2},
  pages={561--567},
  year={2011},
  publisher={Elsevier}
}

@article{ramsay2006,
  title={Whole-body cortisol is an indicator of crowding stress in adult zebrafish, Danio rerio},
  author={Ramsay, Jennifer M and Feist, Grant W and Varga, Zolt{\'a}n M and Westerfield, Monte and Kent, Michael L and Schreck, Carl B},
  journal={Aquaculture},
  volume={258},
  number={1-4},
  pages={565--574},
  year={2006},
  publisher={Elsevier}
}

@article{nero2006,
  title={The effects of salinity on naphthenic acid toxicity to yellow perch: gill and liver histopathology},
  author={Nero, V and Farwell, A and Lee, LEJ and Van Meer, T and MacKinnon, MD and Dixon, DG},
  journal={Ecotoxicology and Environmental Safety},
  volume={65},
  number={2},
  pages={252--264},
  year={2006},
  publisher={Elsevier}
}


@article{goodfellow2000,
  title={Major ion toxicity in effluents: A review with permitting recommendations},
  author={Goodfellow, William L and Ausley, Lawrence W and Burton, Dennis T and Denton, Debra L and Dorn, Philip B and Grothe, Donald R and Heber, Margarete A and Norberg-King, Teresa J and Rodgers, John H},
  journal={Environmental Toxicology and Chemistry},
  volume={19},
  number={1},
  pages={175--182},
  year={2000},
  publisher={Wiley Online Library}
}


@article{mount1997,
  title={Statistical models to predict the toxicity of major ions to Ceriodaphnia dubia, Daphnia magna and Pimephales promelas (fathead minnows)},
  author={Mount, David R and Gulley, David D and Hockett, J Russell and Garrison, Tyler D and Evans, James M},
  journal={Environmental Toxicology and Chemistry},
  volume={16},
  number={10},
  pages={2009--2019},
  year={1997},
  publisher={Wiley Online Library}
}

@article{cardeilhac1979,
  title={Failure of osmoregulation with apparent potassium intoxication in marine teleosts: a primary toxic effect of copper},
  author={Cardeilhac, PT and Simpson, CF and Lovelock, RL and Yosha, SF and Calderwood, HW and Gudat, JC},
  journal={Aquaculture},
  volume={17},
  number={3},
  pages={231--239},
  year={1979},
  publisher={Elsevier}
}

@article{jeney1997,
  title={Prevention of stress in rainbow trout (Oncorhynchus mykiss) fed diets containing different doses of glucan},
  author={Jeney, Galina and Galeotti, Marco and Volpatti, Donatella and Jeney, Zsigmond and Anderson, Douglas P},
  journal={Aquaculture},
  volume={154},
  number={1},
  pages={1--15},
  year={1997},
  publisher={Elsevier}
}


@article{schreck2010,
  title={Stress and fish reproduction: the roles of allostasis and hormesis},
  author={Schreck, Carl B},
  journal={General and comparative endocrinology},
  volume={165},
  number={3},
  pages={549--556},
  year={2010},
  publisher={Elsevier}
}

@article{pottinger1992,
  title={The effects of confinement stress on circulating prolactin levels in rainbow trout (Oncorhynchus mykiss) in fresh water},
  author={Pottinger, TG and Prunet, P and Pickering, AD},
  journal={General and comparative endocrinology},
  volume={88},
  number={3},
  pages={454--460},
  year={1992},
  publisher={Elsevier}
}
